@string{ASILOMAR = "Proceedings of the Asilomar Conference on Signals and Systems"}

%@string{DAC = "Proceedings of the Design Automation Conference (DAC)"}
@string{DAC = "DAC"}

@string {ICCAD = "Proceedings of Computer-Aided Design (ICCAD)"}

@string {ECTC = "Proceedings of the Electronic Components and Technology Conference (ECTC)"}

@string {IEEETC = "IEEE Transactions on Computers"}

%@string {IEEETR = "IEEE Transactions on Reliability"}
@string {IEEETR = "IEEE TR"}

@string {JSSC = "IEEE Journal of  Solid State Circuits"}

%@string {ASPLOS = "Proceedings of the International Symposium on Architectural Support for Programming Languages and Operating Systems (ASPLOS)"}

@string {ASPLOS = "ASPLOS"}


@string {ISSCC = "Proceedings of the International Solid State Circuits Conference (ISSCC)"}

@string {ISCA = "Proceedings of the International Symposium on Computer Architecture (ISCA)"}

@string {DATE = "Proceedings of the Conference on Design, Automation, and Test in Europe (DATE)"}

@string {MICRO = "Proceedings of the International Symposium on Microarchitecture (MICRO)"}

@string {PLDI = "Proceedings of the International Symposium on Programming Languages Design and Implementation (PLDI)"}

@string {ISPASS = "Proceedings of the International Symposium on Performance Analysis of Systems and Software (ISPASS)"}

%@string {HPCA = "Proceedings of the International Symposium on High Performance Computer Architecture (HPCA)"}
@string {HPCA = "HPCA"}

@string {PLDI = "Programming Languages Design and Implementation (PLDI)"}

@string {DSN = "Proceedings of the International Conference on Dependable Systems and Networks (DSN)"}

@string {SELSE = "Workshop on Silicon Errors in Logic--System Effects (SELSE)"}

@string {CGO = "Proceedings of the International Symposium on Code Generation and Optimization (CGO)"}

%@string {IPDPS = "Proceedings of the International Symposium on Parallel and Distributed Processing (IPDPS)"}

@string {IPDPS = "IPDPS"}


@string {IPDPSW = "Proceedings of the International Symposium on Parallel and Distributed Processing (IPDPS) Workshops"}

@string {ARITH = "Proceedings of the IEEE Symposium on Computer Arithmetic"} 

@string {ISC = "Proceedings of the International Supercomputing Conference (ISC)"}

%@string {SC = "Proceedings of the International Conference on High Performance Computing, Networking, Storage and Analysis (SC)"}

@string {SC = "SC"}

@string {SIGMETRICS = "Proceedings of the International Joint Conference on Measurement and Modeling of Computer Systems (SIGMETRICS)"}

@string {INFOCOM = "Proceedings of the International Conference on Computer Communication (INFOCOM)"}

@string {ISIT = "Proceedings of the International Symposium on Information Theory (ISIT)"}

@string {USENIXATC = "Proceedings of the USENIX Annual Technical Conference (USENIX)"}

@string {IEEETDM = "IEEE Transactions on Device and Materials Reliability"}

@string {ICCD = "Proceedings of the International Conference on Computer Design (ICCD)"} 

@string {TDSC = "IEEE Transactions on Dependable and Secure Computing"}

@string {IRPS = "Proceedings of the International Reliability Physics Symposium (IRPS)"}

@string {DFT = "Proceedings of the International Symposium on Defect and Fault Tolerance in VLSI Systems (DFT)"}

@string {ASAP = "The International Conference on Application-specific Systems, Architectures and Processors (ASAP)"}

%@string {PACT = "Proceedings of the International Conference on Parallel Architectures and Compilation Techniques (PACT)"}

@string {PACT = "PACT"}


@string {ITC = "IEEE International Test Conference (ITC)"}

@string {ThreeDIC = "IEEE International 3D System Integration Conference (3DIC)"}

@string {VLSIT = "Symposium on VLSI Technology (VLSIT)"}

@string {HOTCHIPS = "Symposium on High Performance Chips (HOTCHIPS)"}

@string {VLSI = "IEEE Transactions on VLSI Systems (TVLSI)"}

@string {TCAD = "IEEE Transactions on Computer-Aided Design of Integrated Circuits and Systems"}

@string {IEDM = "IEEE International Electron Devices Meeting"}

%@string {PRDC = "Proceedings of Pacific Rim International Symposium on Dependable Computing (PRDC)"}
@string {PRDC = "PRDC"}

@string {IBMJRD = "IBM Journal of Research and Development"}

@string {RPS = "Proceedings of the International Reliability Physics Symposium (IRPS)"}

@string {IEEETNS = "IEEE Transactions on Nuclear Science"}

@string {ACMTECS = "ACM Transactions on Embedded Computing Systems"}

@string {ISVLSI = "Proceedings of the IEEE Symposium on VLSI (ISVLSI)"} 

@string {IOLTS = "Proceedings of the Online-Testing Symposium (IOLTS)"}

@string {JHPCA = "The International Journal of High Performance Computing Applications"}

@string {CASES = "Proceedings of the International Conference on Compilers, Architecture, and Synthesis for Embedded Systems (CASES)"}

%@string {IISWC = "Proceedings of the International Symposium on Workload Characterization"}

@string {IISWC = "IISWC"}

@string {LATW = "Proceedings of the Latin American Test Workshop (LATW)"}

@string {IDT = "Proceedings of the International Design and Test Symposium (IDT)"}

@string {ISOCC = "Proceedings of the International SoC Design Conference (ISOCC)"}

@string {GTC = "GPU Technology Conference (GTC)"}

@string {CLUSTER = "Proceedings of International Conference on Cluster Computing (CLUSTER)"}

@string{ISSRE = "Proceedings of the International Symposium on Software Reliability Engineering (ISSRE)"}

@string{ISLPED = "Proceedings of the International Symposium on Low Power Electronics and Design (ISLPED)"}

@string{SOSP = "Proceedings of the Symposium on Operating Systems Principles (SOSP)"}



@inproceedings{sangchoolieone,
  title={One Bit is (Not) Enough: An Empirical Study of the Impact of Single and Multiple Bit-Flip Errors},
  author={Sangchoolie, Behrooz and Pattabiraman, Karthik and Karlsson, Johan},
  booktitle={International Conference on Dependable Systems and Networks (DSN)},
  pages={97--108},
  year={2017},
  organization={IEEE}
}

@article{student1908probable,
  title={The probable error of a mean},
  author={Student},
  journal={Biometrika},
  pages={1--25},
  year={1908},
  publisher={JSTOR}
}

@article{mathews1896partition,
  title={On the partition of numbers},
  author={Mathews, George B},
  journal={Proceedings of the London Mathematical Society},
  volume={1},
  number={1},
  pages={486--490},
  year={1896},
  publisher={Wiley Online Library}
}

@inproceedings{pattabiraman2008symplfied,
  title={{SymPLFIED}: {Symbolic} program-level fault injection and error detection framework},
  author={Pattabiraman, Karthik and Nakka, Nithin and Kalbarczyk, Zbigniew and Iyer, Ravishankar},
  booktitle=DSN,
  pages={472--481},
  year={2008},
  organization={IEEE}
}


@article{oh2002control,
  title={Control-flow checking by software signatures},
  author={Oh, Nahmsuk and Shirvani, Philip P and McCluskey, Edward J},
  journal={Transactions on Reliability},
  volume={51},
  number={1},
  pages={111--122},
  year={2002},
  publisher={IEEE}
}

@inproceedings{sridharan2009eliminating,
  title={Eliminating microarchitectural dependency from architectural vulnerability},
  author={Sridharan, Vilas and Kaeli, David R},
  booktitle={15th International Symposium on High Performance Computer Architecture}},
  pages={117--128},
  year={2009},
  organization={IEEE}
}

@inproceedings{sastry2014ganges,
  title={GangES: Gang error simulation for hardware resiliency evaluation},
  author={Hari, Siva Kumar Sastry and Venkatagiri, Radha and Adve, Sarita V and Naeimi, Helia},
  booktitle={ACM/IEEE 41st International Symposium on Computer Architecture (ISCA)},
  pages={61--72},
  year={2014},
  organization={IEEE}
}

@inproceedings{vtrident,
	title={Modeling input-dependent error propagation in programs},
	author={Guanpeng Li and Karthik Pattabiraman},
	booktitle=DSN,
	year={2018}
}

@inproceedings{trident,
	title={Modeling Soft-Error Propagation in Programs},
	author={Guanpeng Li and Karthik Pattabiraman and Siva Kumar Sastry Hari and Michael Sullivan and Timothy Tsai },
	booktitle=DSN,
	year={2018}
}

@inproceedings{fang2016epvf,
  title={{ePVF}: {An} Enhanced Program Vulnerability Factor Methodology for Cross-layer Resilience Analysis},
  author={Fang, Bo and Lu, Qining and Pattabiraman, Karthik and Ripeanu, Matei and Gurumurthi, Sudhanva},
  booktitle=DSN,
  pages={168--179},
  year={2016},
  organization={IEEE}
}


@inproceedings{li2016understanding,
	Author = {Li, Guanpeng and Pattabiraman, Karthik and Cher, Chen-Yang and Bose, Pradip},
	Booktitle = {International Conference for High Performance Computing, Networking, Storage and Analysis },
	Organization = {IEEE},
	Pages = {240--251},
	Title = {{Understanding error propagation in GPGPU applications}},
	Year = {2016}}

@inproceedings{borkar2005designing,
	title={Designing reliable systems from unreliable components: the challenges of transistor variability and degradation},
	author={Borkar, Shekhar},
	journal={IEEE Micro},
	volume={25},
	number={6},
	pages={10--16},
	year={2005},
	publisher={IEEE}
}

@inproceedings{constantinescu2008intermittent,
	title={Intermittent faults and effects on reliability of integrated circuits},
	author={Constantinescu, Cristian},
	booktitle={Reliability and Maintainability Symposium},
	pages={370},
	year={2008},
	organization={IEEE}
}

@inproceedings{feng2010shoestring,
	title={Shoestring: {Probabilistic} soft error reliability on the cheap},
	author={Feng, Shuguang and Gupta, Shantanu and Ansari, Amin and Mahlke, Scott},
	booktitle={Architectural Support for Programming Languages and Operating Systems},
	pages={385--396},
	year={2010}
}

@inproceedings{hari2012relyzer,
	title={Relyzer: {Exploiting} application-level fault equivalence to analyze application resiliency to transient faults},
	author={Hari, Siva Kumar Sastry and Adve, Sarita V and Naeimi, Helia and Ramachandran, Pradeep},
	booktitle={{Architectural Support for Programming Languages and Operating Systems}},
	pages={123--134},
	year={2012},
}

@article{lu2017configurable,
	Author = {Lu, Qining and Li, Guanpeng and Pattabiraman, Karthik and Gupta, Meeta S and Rivers, Jude A},
	Journal = {ACM Transactions on Embedded Computing Systems (TECS)},
	Number = {3},
	Pages = {88},
	Publisher = {ACM},
	Title = {Configurable detection of SDC-causing errors in programs},
	Volume = {16},
	Year = {2017}}

@inproceedings{lifine,
	Author = {Li, Guanpeng and Lu, Qining and Pattabiraman, Karthik},
	Booktitle = {IEEE/IFIP International Conference on Dependable Systems and Networks (DSN)},
	Organization = {IEEE},
	Pages = {450--461},
	Title = {Fine-Grained Characterization of Faults Causing Long Latency Crashes in Programs},
	Year = {2015}}
	
	

@inproceedings{yim2009quantitative,
	Author = {Yim, Keun Soo and Kalbarczyk, Zbigniew T and Iyer, Ravishankar K},
	Booktitle = {Pacific Rim International Symposium on Dependable Computing(PRDC)},
	Organization = {IEEE},
	Pages = {23--30},
	Title = {Quantitative analysis of long-latency failures in system software},
	Year = {2009}}
	
@inproceedings{cook2008characterization,
	Author = {Cook, Jeffrey J and Zilles, Craig},
	Booktitle = {International Conference on Dependable Systems and Networks(DSN)},
	Organization = {IEEE},
	Pages = {482--491},
	Title = {A characterization of instruction-level error derating and its implications for error detection},
	Year = {2008}}

@inproceedings{lattner2004llvm,
	Author = {Lattner, Chris and Adve, Vikram},
	Booktitle = {International Symposium on Code Generation and Optimization},
	Organization = {IEEE},
	Pages = {75},
	Title = {{LLVM}: A compilation framework for lifelong program analysis \& transformation},
	Year = {2004}}
	

@inproceedings{gu2003characterization,
	Author = {Gu, Weining and Kalbarczyk, Zbigniew and Iyer, Ravishankar K and Yang, Zhenyu},
	Booktitle = {International Conference on Dependable Systems and Networks(DSN)},
	Organization = {IEEE},
	Pages = {459},
	Title = {Characterization of Linux kernel behavior under errors},
	Year = {2003}}
	
	
@inproceedings{llfi,
  title={Quantifying the accuracy of high-level fault injection techniques for hardware faults},
  author={Wei, Jiesheng and Thomas, Anna and Li, Guanpeng and Pattabiraman, Karthik},
  booktitle={44th Annual IEEE/IFIP International Conference on Dependable Systems and Networks (DSN)},
  pages={375--382},
  year={2014},
  organization={IEEE}
}

@misc{lulesh_doc,
  author = {Karlin, I},
  title = {Lulesh Programming Model and Performance Ports Overview},
  howpublished = "\url{https://codesign.llnl.gov/pdfs/lulesh_Ports.pdf}",
  note = "[Accessed Apr. 2016]"
}

@inproceedings{che2009rodinia,
	Author = {Che, Shuai and Boyer, Michael and Meng, Jiayuan and Tarjan, David and Sheaffer, Jeremy W and Lee, Sang-Ha and Skadron, Kevin},
	Booktitle = {International Symposium on Workload Characterization (IISWC 2009)},
	Organization = {IEEE},
	Pages = {44--54},
	Title = {Rodinia: A benchmark suite for heterogeneous computing},
	Year = {2009}}
	
	
@article{henning2000spec,
  title={{SPEC CPU2000}: {Measuring} {CPU} performance in the new millennium},
  author={Henning, John L},
  journal={Computer},
  volume={33},
  number={7},
  pages={28--35},
  year={2000},
  publisher={IEEE}
}

@inproceedings{bienia2008parsec,
	Author = {Bienia, Christian and Kumar, Sanjeev and Singh, Jaswinder Pal and Li, Kai},
	Booktitle = {17th International Conference on Parallel Architectures and Compilation Techniques},
	Organization = {ACM},
	Pages = {72--81},
	Title = {The PARSEC benchmark suite: Characterization and architectural implications},
	Year = {2008}}


@article{aktulga2012parallel,
  title={Parallel reactive molecular dynamics: Numerical methods and algorithmic techniques},
  author={Aktulga, Hasan Metin and Fogarty, Joseph C and Pandit, Sagar A and Grama, Ananth Y},
  journal={Parallel Computing},
  volume={38},
  number={4},
  pages={245--259},
  year={2012},
  publisher={Elsevier}
}

@article{taborda2011large,
  title={Large-scale earthquake simulation: computational seismology and complex engineering systems},
  author={Taborda, Ricardo and Bielak, Jacobo},
  journal={Computing in Science \& Engineering},
  volume={13},
  number={4},
  pages={14--27},
  year={2011},
  publisher={IEEE}
}

@misc{nvcc_llvm,
  title = {{Enabling on-the-fly manipulations with LLVM IR code of CUDA sources}},
  howpublished = "\url{https://github.com/apc-llc/nvcc-llvm-ir}",
  note = "[Online; accessed Apr. 2016]"
}

@inproceedings{tiwari2015understanding,
	Author = {Tiwari, Devesh and Gupta, Saurabh and Rogers, James and Maxwell, Don and Rech, Paolo and Vazhkudai, Sudharshan and Oliveira, Daniel and Londo, Dave and DeBardeleben, Nathan and Navaux, Philippe and others},
	Booktitle = {High Performance Computer Architecture (HPCA), 2015 IEEE 21st International Symposium on},
	Organization = {IEEE},
	Pages = {331--342},
	Title = {Understanding gpu errors on large-scale hpc systems and the implications for system design and operation},
	Year = {2015}}
	


@inproceedings{pattabiraman2008symplfied,
	Author = {Pattabiraman, Karthik and Nakka, Nithin and Kalbarczyk, Zbigniew and Iyer, Ravishankar},
	Booktitle = {Dependable Systems and Networks With FTCS and DCC, 2008. DSN 2008. IEEE International Conference on},
	Organization = {IEEE},
	Pages = {472--481},
	Title = {SymPLFIED: Symbolic program-level fault injection and error detection framework},
	Year = {2008}}


@inproceedings{ashraf2015understanding,
  title={Understanding the propagation of transient errors in HPC applications},
  author={Ashraf, Rizwan A and Gioiosa, Roberto and Kestor, Gokcen and DeMara, Ronald F and Cher, Chen-Yong and Bose, Pradip},
  booktitle={Proceedings of the International Conference for High Performance Computing, Networking, Storage and Analysis},
  pages={72},
  year={2015},
  organization={ACM}
}


@article{snir_addressing_2014,
  title={Addressing failures in exascale computing},
  author={Snir, Marc and Wisniewski, Robert W and Abraham, Jacob A and Adve, Sarita V and Bagchi, Saurabh and Balaji, Pavan and Belak, Jim and Bose, Pradip and Cappello, Franck and Carlson, Bill and others},
  journal={Institute for Computing in Science (ICiS). More infor},
  volume={4},
  pages={11},
  year={2012}
}



@article{di2012impact,
  title={On the Impact of Hardware Faults--An Investigation of the Relationship between Workload Inputs and Failure Mode Distributions},
  author={Di Leo, Domenico and Ayatolahi, Fatemeh and Sangchoolie, Behrooz and Karlsson, Johan and Johansson, Roger},
  journal={Computer Safety, Reliability, and Security},
  pages={198--209},
  year={2012},
  publisher={Springer}
}


@inproceedings{li2004soft,
  title={Soft error and energy consumption interactions: A data cache perspective},
  author={Li, Lin and Degalahal, Vijay and Vijaykrishnan, Narayanan and Kandemir, Mahmut and Irwin, Mary Jane},
  booktitle=ISLPED,
  pages={132--137},
  year={2004},
  organization={IEEE}
}

@inproceedings{reddi2009software,
  title={Software-assisted hardware reliability: abstracting circuit-level challenges to the software stack},
  author={Reddi, Vijay Janapa and Gupta, Meeta S and Smith, Michael D and Wei, Gu-yeon and Brooks, David and Campanoni, Simone},
  booktitle={Design Automation Conference},
  pages={788--793},
  year={2009},
  organization={IEEE}
}

@misc{ieee_754_2008,
    title = {{IEEE} Standard for Floating-Point Arithmetic},
    note = {IEEE Std 754-2008},
    month = August,
    year = {2008},
    pages = {1--70},
    howpublished = "\url{https://standards.ieee.org/findstds/standard/754-2008.html}",
}

@inproceedings{mukherjee2003systematic,
  title={A systematic methodology to compute the architectural vulnerability factors for a high-performance microprocessor},
  author={Mukherjee, Shubhendu S and Weaver, Christopher and Emer, Joel and Reinhardt, Steven K and Austin, Todd},
  booktitle=MICRO,
  pages={29--40},
  year={2003},
  organization={IEEE}
}

@inproceedings{gupta2017failures,
  title={Failures in large scale systems: long-term measurement, analysis, and implications},
  author={Gupta, Saurabh and Patel, Tirthak and Engelmann, Christian and Tiwari, Devesh},
  booktitle={Proceedings of the International Conference for High Performance Computing, Networking, Storage and Analysis},
  pages={44},
  year={2017},
  organization={ACM}
}

@inproceedings{tiwari2015understanding,
  title={Understanding GPU errors on large-scale HPC systems and the implications for system design and operation},
  author={Tiwari, Devesh and Gupta, Saurabh and Rogers, James and Maxwell, Don and Rech, Paolo and Vazhkudai, Sudharshan and Oliveira, Daniel and Londo, Dave and DeBardeleben, Nathan and Navaux, Philippe and others},
  booktitle={High Performance Computer Architecture (HPCA), 2015 IEEE 21st International Symposium on},
  pages={331--342},
  year={2015},
  organization={IEEE}
}

@inproceedings{tan2011iiswc,
	title={Analyzing soft-error vulnerability on GPGPU micro architecture},
	author={Jingweijia Tan and Nilanjan Goswami and Tao Li and Xin Fu},
	booktitle={IEEE International Symposium on Workload Characterization (IISWC), 2011 IEEE  International Symposium on},
	pages={226--235},
	year={2011},
	organization={IEEE}
}

@inproceedings{yim2011ipdps,
	title={Hauberk:Lightweight silent data corruption error detector for GPGPU},
	author={Keun Soo Yim and Cuong Pham and Mushfiq Saleheen and Zbigniew Kalbarczyk and Ravishankar Iyer},
	booktitle={International Parallel \& Distributed Processing Symposium (IPDPS), 2011},
	pages={287},
	year={2011},
	organization={IEEE}
}

@inproceedings{fang2014ispass,
	title={Gpu-qin: A methodology for evaluating the error resilience of GPGPU applications},
	author={Bo Fang and Karthik Pattabiraman and Matei Ripeanu and Sudhanva Gurumurthi},
	booktitle={International Symposium on Performance Analysis of Systems and Software (ISPASS), 2014},
	pages={221-230},
	year={2014},
	organization={IEEE}
}

@inproceedings{hari2015selse,
	title={Sassifi:Evaluating resilience of GPU applications},
	author={Siva Kumar Sastry Hari and Timothy Tsai and Mark Stephenson and Stephen W. Keckler and Joel Emer},
	booktitle={IEEE Workshop of Silicon Errors in Logic (SELSE), 2014},
	pages={},
	year={2015},
	organization={IEEE}
}

@inproceedings{nie2018micro,
	title={Fault Site Pruning for Practical Reliability Analysis of GPGPU Applications
},
	author={Bin Nie and Lishan Yang and Adwait Jog and Evgenia Smirni},
	booktitle={International Symposium on Microarchitecture (MICRO), 2018},
	pages={749-761},
	year={2018},
	organization={IEEE}
}

@inproceedings{kalra18sc,
	title={PRISM: Predicting Resilience of GPU Applications Using Statistical Methods},
	author={Charu Kalra and Fritz Previlon and Xiangyu Li and Norman Rubin and David Kaeli},
	booktitle={International Conference for High Performance Computing, Networking, Storage, and Analysis (SC), 2018},
	pages={},
	year={2018},
	organization={ACM}
}

@misc{nvccir,
	author = {Dmitry Mikushin},
	title = {Enabling on-the-fly manipulations with LLVM IR code of CUDA sources},
	howpublished = "\url{https://github.com/apc-llc/nvcc-llvm-ir}",
	note = "[Accessed Nov. 2018]"
}

@misc{teslasr,
	author = {Tesla Inc.},
	title = {Vehicle Safety Report ({Q4}-2018)},
	howpublished = "\url{https://www.tesla.com/en_CA/VehicleSafetyReport}"
}

@inproceedings{guanpeng17sc,
	title={{Understanding Error Propagation in Deep Learning Neural Network (DNN) Accelerators and Applications}},
	author={Guanpeng Li and Siva Kumar Sastry Hari and Michael Sullivan and Timothy Tsai and Karthik Pattabiraman and Jeol Emer and Stephen Keckler },
	booktitle={International Conference for High Performance Computing, Networking, Storage, and Analysis (SC), 2017},
	year={2017},
	organization={ACM}
}

@inproceedings{kexin17sosp,
	title={{DeepXplore: Automated Whitebox Testing of Deep Learning Systems}},
	author={Kexin Pei and Yinzhi Cao and Junfeng Yang and Suman Jana},
	booktitle={Symposium on Operating Systems Principles (SOSP), 2017},
	pages={1-18},
	year={2017},
	organization={ACM}
}

@inproceedings{Dosovitskiy17,
	title = { {CARLA}: {An} Open Urban Driving Simulator},
	author = {Alexey Dosovitskiy and German Ros and Felipe Codevilla and Antonio Lopez and Vladlen Koltun},
	booktitle = {Proceedings of the 1st Annual Conference on Robot Learning},
	pages = {1--16},
	year = {2017}
}

@inproceedings{jha18art,
	title={{Kayotee: A Fault Injection-based System to Assess the Safety and Reliability of Autonomous Vehicles to Faults and Errors}},
	author={Saurabh Jha and Timothy Tsai and Siva Hari and Michael Sullivan and Zbigniew Kalbarczyk and Stephen W. Keckler and Ravishankar K. Iyer},
	booktitle={International Workshop on Automotive Reliability and Test (ART), 2018},
	year={2018},
	organization={IEEE}
}


@misc{singlecamera,
	author = {MIT Technology Review},
	title = {One Camera Is All This Self-Driving Car Needs},
	howpublished = "\url{https://www.technologyreview.com/s/539841/one-camera-is-all-this-self-driving-car-needs/}"
}

@misc{GPS,
	author = {NVIDIA BLOG},
	title = {Beyond GPS: How HD Maps Will Show Self-Driving Cars the Way
	},
	howpublished = "\url{https://blogs.nvidia.com/blog/2016/04/05/self-driving-cars-2/}"
}

@inproceedings{Codevilla2018,
	title={End-to-end Driving via Conditional Imitation Learning},
	author={Codevilla, Felipe and M{\"u}ller, Matthias and L{\'o}pez,
	Antonio and Koltun, Vladlen and Dosovitskiy, Alexey},
	booktitle={International Conference on Robotics and Automation (ICRA)},
	year={2018},
}

@inproceedings{avfi,
	author = {Jha, Saurabh and S. Banerjee, Subho and Cyriac, James and T. Kalbarczyk, Zbigniew and Iyer, Ravishankar},
	year = {2018},
	month = {06},
	pages = {55-56},
	title = {AVFI: Fault Injection for Autonomous Vehicles},
	doi = {10.1109/DSN-W.2018.00027}
}

@INPROCEEDINGS{5530865, 
	author={L. M. {Capisani} and A. {Ferrara} and P. {Pisu}}, 
	booktitle={Proceedings of the 2010 American Control Conference}, 
	title={Sliding mode observers for vision-based fault detection, isolation and identification in robot manipulators}, 
	year={2010}, 
	volume={}, 
	number={}, 
	pages={4540-4545}, 
	keywords={fault diagnosis;manipulators;robot vision;variable structure systems;sliding mode observers;vision-based fault detection;robot manipulators;robot motion;fault diagnosis;COMAU®SMART3-S2 anthropomorphic rigid manipulator;Fault detection;Fault diagnosis;Robot vision systems;Manipulators;Robot sensing systems;Cameras;Actuators;Motion estimation;Image analysis;Image motion analysis}, 
	doi={10.1109/ACC.2010.5530865}, 
	ISSN={2378-5861}, 
	month={June},}

@inproceedings{inproceedings,
	author = {Bresolin, Davide},
	year = {2012},
	month = {08},
	pages = {714-719},
	title = {Fault Diagnosis of Hybrid Systems: An Onboard Camera Model},
	volume = {8},
	isbn = {9783902823090},
	journal = {IFAC Proceedings Volumes (IFAC-PapersOnline)},
	doi = {10.3182/20120829-3-MX-2028.00200}
}

@misc{cheapcamera,
	author = {
	Andrew Liszewski},
	title = {Elon Musk Was Right: Cheap Cameras Could Replace Lidar on Self-Driving Cars, Researchers Find = "\url{https://gizmodo.com/elon-musk-was-right-cheap-cameras-could-replace-lidar-1834266742}"
}